@inproceedings{Tournavitis:2010:SEE:1854273.1854321,
 author = {Tournavitis, Georgios and Franke, Bj\"{o}rn},
 title = {Semi-automatic Extraction and Exploitation of Hierarchical Pipeline Parallelism Using Profiling Information},
 booktitle = {Proceedings of the 19th International Conference on Parallel Architectures and Compilation Techniques},
 series = {PACT '10},
 year = {2010},
 isbn = {978-1-4503-0178-7},
 location = {Vienna, Austria},
 pages = {377--388},
 numpages = {12},
 url = {http://doi.acm.org/10.1145/1854273.1854321},
 doi = {10.1145/1854273.1854321},
 acmid = {1854321},
 publisher = {ACM},
 address = {New York, NY, USA},
 keywords = {parallelization, pipeline parallelism, program dependence graph, streaming applications},
} 

@inproceedings{vonKoch:2018:TCA:3178372.3179513,
 author = {von Koch, Tobias J. K. Edler and Manilov, Stanislav and Vasiladiotis, Christos and Cole, Murray and Franke, Bj\"{o}rn},
 title = {Towards a Compiler Analysis for Parallel Algorithmic Skeletons},
 booktitle = {Proceedings of the 27th International Conference on Compiler Construction},
 series = {CC 2018},
 year = {2018},
 isbn = {978-1-4503-5644-2},
 location = {Vienna, Austria},
 pages = {174--184},
 numpages = {11},
 url = {http://doi.acm.org/10.1145/3178372.3179513},
 doi = {10.1145/3178372.3179513},
 acmid = {3179513},
 publisher = {ACM},
 address = {New York, NY, USA},
 keywords = {Commutativity, algorithmic skeletons, commutativity analysis, parallelism},
} 
